<?xml version="1.0" encoding="UTF-8"?><collection xmlns="http://www.loc.gov/MARC21/slim"><record><leader>00363nam--2200121-i-4500</leader><controlfield tag="001">000028158</controlfield><controlfield tag="002">20161230</controlfield><controlfield tag="005">20161230201037</controlfield><controlfield tag="008">060222s1000------------r-----000-0-eng-d</controlfield><datafield ind1=" " ind2=" " tag="080"><subfield code="a">061.62(047):53(047)</subfield></datafield><datafield ind1=" " ind2=" " tag="245"><subfield code="a">Lawrence berkeley laboratory: physics. annual report: july 1971 through june 1972</subfield></datafield><datafield ind1=" " ind2=" " tag="260"><subfield code="a">Berkely, Lawrence Berkely Labortoty, 1971</subfield></datafield><datafield ind1=" " ind2=" " tag="852"><subfield code="a">36881</subfield></datafield></record></collection>